@mvbook{cicero_finibus_nodate,
	location = {Roman empire},
	title = {De finibus bonorum et malorum},
	shorttitle = {De finibus},
	volumes = {5},
	author = {Cicero, Marcus Tullius}
}